% Encoding: UTF-8


@article{wolpert1997no,
	title={No free lunch theorems for optimization},
	author={Wolpert, David H and Macready, William G},
	journal={IEEE transactions on evolutionary computation},
	volume={1},
	number={1},
	pages={67--82},
	year={1997},
	publisher={IEEE}
}

@inproceedings{angus2002ant,
	title={Ant colony optimisation applied to a dynamically changing problem},
	author={Angus, Daniel and Hendtlass, Tim},
	booktitle={Developments in Applied Artificial Intelligence: 15th International Conference on Industrial and Engineering Applications of Artificial Intelligence and Expert Systems IEA/AIE 2002 Cairns, Australia, June 17--20, 2002 Proceedings 15},
	pages={618--627},
	year={2002},
	organization={Springer}
}

@inproceedings{guntsch2001pheromone,
	title={Pheromone modification strategies for ant algorithms applied to dynamic TSP},
	author={Guntsch, Michael and Middendorf, Martin},
	booktitle={Applications of Evolutionary Computing: EvoWorkshops 2001: EvoCOP, EvoFlight, EvoIASP, EvoLearn, and EvoSTIM Como, Italy, April 18--20, 2001 Proceedings},
	pages={213--222},
	year={2001},
	organization={Springer}
}

@inproceedings{janson2004hierarchical,
	title={A hierarchical particle swarm optimizer for dynamic optimization problems},
	author={Janson, Stefan and Middendorf, Martin},
	booktitle={Applications of Evolutionary Computing: EvoWorkshops 2004: EvoBIO, EvoCOMNET, EvoHOT, EvoISAP, EvoMUSART, and EvoSTOC, Coimbra, Portugal, April 5-7, 2004. Proceedings},
	pages={513--524},
	year={2004},
	organization={Springer}
}

@inproceedings{li2006new,
	title={A new approach to solving dynamic traveling salesman problems},
	author={Li, Changhe and Yang, Ming and Kang, Lishan},
	booktitle={Simulated Evolution and Learning: 6th International Conference, SEAL 2006, Hefei, China, October 15-18, 2006. Proceedings 6},
	pages={236--243},
	year={2006},
	organization={Springer}
}

@article{mavrovouniotis2013ant,
	title={Ant colony optimization with immigrants schemes for the dynamic travelling salesman problem with traffic factors},
	author={Mavrovouniotis, Michalis and Yang, Shengxiang},
	journal={Applied Soft Computing},
	volume={13},
	number={10},
	pages={4023--4037},
	year={2013},
	publisher={Elsevier}
}

@article{mavrovouniotis2016ant,
	title={Ant colony optimization with local search for dynamic traveling salesman problems},
	author={Mavrovouniotis, Michalis and M{\"u}ller, Felipe M and Yang, Shengxiang},
	journal={IEEE transactions on cybernetics},
	volume={47},
	number={7},
	pages={1743--1756},
	year={2016},
	publisher={IEEE}
}

@article{silva2004ant,
title={Ant colony optimization for dynamic traveling salesman problems},
author={Silva, Carlos A and Runkler, Thomas A},
journal={ARCS 2004--Organic and pervasive computing},
year={2004},
publisher={Gesellschaft f{\"u}r Informatik eV}
}

@inproceedings{simoes2011chc,
	title={CHC-based algorithms for the dynamic traveling salesman problem},
	author={Simoes, Anabela and Costa, Ernesto},
	booktitle={Applications of Evolutionary Computation: EvoApplications 2011: EvoCOMPLEX, EvoGAMES, EvoIASP, EvoINTELLIGENCE, EvoNUM, and EvoSTOC, Torino, Italy, April 27-29, 2011, Proceedings, Part I},
	pages={354--363},
	year={2011},
	organization={Springer}
}

@article{yang2020hyperparameter,
	title={On hyperparameter optimization of machine learning algorithms: Theory and practice},
	author={Yang, Li and Shami, Abdallah},
	journal={Neurocomputing},
	volume={415},
	pages={295--316},
	year={2020},
	publisher={Elsevier}
}

@article{geurts2006extremely,
	title={Extremely randomized trees},
	author={Geurts, Pierre and Ernst, Damien and Wehenkel, Louis},
	journal={Machine learning},
	volume={63},
	pages={3--42},
	year={2006},
	publisher={Springer}
}

@article{breiman2001random,
	title={Random forests},
	author={Breiman, Leo},
	journal={Machine learning},
	volume={45},
	pages={5--32},
	year={2001},
	publisher={Springer}
}

@article{friedman2001greedy,
	title={Greedy function approximation: a gradient boosting machine},
	author={Friedman, Jerome H},
	journal={Annals of statistics},
	pages={1189--1232},
	year={2001},
	publisher={JSTOR}
}

@article{friedman2002stochastic,
	title={Stochastic gradient boosting},
	author={Friedman, Jerome H},
	journal={Computational statistics \& data analysis},
	volume={38},
	number={4},
	pages={367--378},
	year={2002},
	publisher={Elsevier}
}

@book{williams2006gaussian,
	title={Gaussian processes for machine learning},
	author={Williams, Christopher KI and Rasmussen, Carl Edward},
	volume={2},
	number={3},
	year={2006},
	publisher={MIT press Cambridge, MA}
}

@incollection{sorensen2018history,
	title={A history of metaheuristics},
	author={S{\"o}rensen, Kenneth and Sevaux, Marc and Glover, Fred},
	booktitle={Handbook of heuristics},
	pages={791--808},
	year={2018},
	publisher={Springer}
}

@article{boussaid2013survey,
	title={A survey on optimization metaheuristics},
	author={Boussaid, Ilhem and Lepagnot, Julien and Siarry, Patrick},
	journal={Information sciences},
	volume={237},
	pages={82--117},
	year={2013},
	publisher={Elsevier}
}

@book{gendreau2010handbook,
	title={Handbook of metaheuristics},
	author={Gendreau, Michel and Potvin, Jean-Yves and others},
	volume={2},
	year={2010},
	publisher={Springer}
}

@article{sharma2022systematic,
	title={A systematic review of meta-heuristic algorithms in IoT based application},
	author={Sharma, Vivek and Tripathi, Ashish Kumar},
	journal={Array},
	pages={100164},
	year={2022},
	publisher={Elsevier}
}

@phdthesis{vogel2011flexible,
	title={A flexible metaheuristic framework for solving rich vehicle routing problems: Formulierung, Implementierung und Anwendung eines kognitionsbasierten Simulationsmodells},
	author={Vogel, Ulrich},
	year={2011},
	school={K{\"o}ln, Universit{\"a}t zu K{\"o}ln, Diss., 2011}
}

@article{bello2016neural,
	title={Neural combinatorial optimization with reinforcement learning},
	author={Bello, Irwan and Pham, Hieu and Le, Quoc V and Norouzi, Mohammad and Bengio, Samy},
	journal={arXiv preprint arXiv:1611.09940},
	year={2016}
}

@article{dorigo1991ant,
	title={Ant system: An autocatalytic optimizing process},
	author={Dorigo, M and Colorni, A and Maniezzo, V},
	journal={Dipartimento Di Elettronica, Politecnico Di Milano, Milan, Italy},
	year={1991}
}

@article{dorigo1996ant,
	title={Ant system: optimization by a colony of cooperating agents},
	author={Dorigo, Marco and Maniezzo, Vittorio and Colorni, Alberto},
	journal={IEEE Transactions on Systems, Man, and Cybernetics, Part B (Cybernetics)},
	volume={26},
	number={1},
	pages={29--41},
	year={1996},
	publisher={Ieee}
}

@book{dorigo2019ant,
	title={Ant colony optimization: overview and recent advances},
	author={Dorigo, Marco and St{\"u}tzle, Thomas},
	year={2019},
	publisher={Springer}
}

@book{dorigo2004ant,
	author = {Dorigo, Marco and St√ºtzle, Thomas},
	title = "{Ant Colony Optimization}",
	publisher = {The MIT Press},
	year = {2004},
	month = {06},
	doi = {10.7551/mitpress/1290.001.0001}
}

@inproceedings{guntsch2002population,
	title={A population based approach for ACO},
	author={Guntsch, Michael and Middendorf, Martin},
	booktitle={Applications of Evolutionary Computing: EvoWorkshops 2002: EvoCOP, EvoIASP, EvoSTIM/EvoPLAN Kinsale, Ireland, April 3--4, 2002 Proceedings},
	pages={72--81},
	year={2002},
	organization={Springer}
}

@inproceedings{kupfer2021hierarchical,
	title={A Hierarchical Simple Probabilistic Population-Based Algorithm Applied to the Dynamic TSP},
	author={Kupfer, Edward and Le, Hoang Thanh and Zitt, Johanna and Lin, Ying-Chi and Middendorf, Martin},
	booktitle={2021 IEEE Symposium Series on Computational Intelligence (SSCI)},
	pages={1--8},
	year={2021},
	organization={IEEE}
}

@article{lin2015simple,
	title={Simple probabilistic population-based optimization},
	author={Lin, Ying-Chi and Clauss, Martin and Middendorf, Martin},
	journal={IEEE Transactions on Evolutionary Computation},
	volume={20},
	number={2},
	pages={245--262},
	year={2015},
	publisher={IEEE}
}

@inproceedings{janson2003hierarchical,
	title={A hierarchical particle swarm optimizer},
	author={Janson, Stefan and Middendorf, Martin},
	booktitle={The 2003 Congress on Evolutionary Computation, 2003. CEC'03.},
	volume={2},
	pages={770--776},
	year={2003},
	organization={IEEE}
}

@article{janson2005hierarchical,
	title={A hierarchical particle swarm optimizer and its adaptive variant},
	author={Janson, Stefan and Middendorf, Martin},
	journal={IEEE Transactions on Systems, Man, and Cybernetics, Part B (Cybernetics)},
	volume={35},
	number={6},
	pages={1272--1282},
	year={2005},
	publisher={IEEE}
}

@article{janson2006hierarchical,
	title={A hierarchical particle swarm optimizer for noisy and dynamic environments},
	author={Janson, Stefan and Middendorf, Martin},
	journal={Genetic programming and evolvable machines},
	volume={7},
	pages={329--354},
	year={2006},
	publisher={Springer}
}

@inproceedings{wong2008parameter,
	title={Parameter tuning for ant colony optimization: A review},
	author={Wong, Kuan Yew and others},
	booktitle={2008 International Conference on Computer and Communication Engineering},
	pages={542--545},
	year={2008},
	organization={IEEE}
}

@article{neyoy2013dynamic,
	title={Dynamic fuzzy logic parameter tuning for ACO and its application in TSP problems},
	author={Neyoy, H{\'e}ctor and Castillo, Oscar and Soria, Jos{\'e}},
	journal={Recent advances on hybrid intelligent systems},
	pages={259--271},
	year={2013},
	publisher={Springer}
}

@book{stutzle2012parameter,
	title={Parameter adaptation in ant colony optimization},
	author={St{\"u}tzle, Thomas and L{\'o}pez-Ib{\'a}nez, Manuel and Pellegrini, Paola and Maur, Michael and Montes de Oca, Marco and Birattari, Mauro and Dorigo, Marco},
	year={2012},
	publisher={Springer}
}

@misc{yin2021bayesian,
	title={Bayesian Parameter Tuning of the Ant Colony Optimization Algorithm: Applied to the Asymmetric Traveling Salesman Problem},
	author={Yin, Emmy and Wijk, Klas},
	year={2021}
}

@inproceedings{dobslaw2010parameter,
	title={A parameter tuning framework for metaheuristics based on design of experiments and artificial neural networks},
	author={Dobslaw, Felix},
	booktitle={International conference on computer mathematics and natural computing},
	year={2010},
	organization={WASET}
}

@article{li2016parameter,
	title={Parameter selection for ant colony algorithm based on bacterial foraging algorithm},
	author={Li, Peng and Zhu, Hua},
	journal={Mathematical Problems in Engineering},
	volume={2016},
	year={2016},
	publisher={Hindawi}
}

@inproceedings{tuani2018h,
	title={H-ACO: A heterogeneous ant colony optimisation approach with application to the travelling salesman problem},
	author={Tuani, Ahamed Fayeez and Keedwell, Edward and Collett, Matthew},
	booktitle={Artificial Evolution: 13th International Conference, {\'E}volution Artificielle, EA 2017, Paris, France, October 25--27, 2017, Revised Selected Papers 13},
	pages={144--161},
	year={2018},
	organization={Springer}
}

@article{jung2011artificial,
	title={Artificial neural network based approach for dynamic parameter design},
	author={Jung, Jae-Ryung and Yum, Bong-Jin},
	journal={Expert Systems with Applications},
	volume={38},
	number={1},
	pages={504--510},
	year={2011},
	publisher={Elsevier}
}

@article{packianather2000optimizing,
	title={Optimizing the parameters of multilayered feedforward neural networks through Taguchi design of experiments},
	author={Packianather, MS and Drake, PR and Rowlands, H},
	journal={Quality and reliability engineering international},
	volume={16},
	number={6},
	pages={461--473},
	year={2000},
	publisher={Wiley Online Library}
}

@article{tortum2007investigation,
	title={The investigation of model selection criteria in artificial neural networks by the Taguchi method},
	author={Tortum, Ahmet and Yayla, Nadir and {\c{C}}elik, Cafer and G{\"o}kda{\u{g}}, Mahir},
	journal={Physica A: Statistical Mechanics and its Applications},
	volume={386},
	number={1},
	pages={446--468},
	year={2007},
	publisher={Elsevier}
}

@article{conover1979multiple,
	title={On multiple-comparisons procedures},
	author={Conover, William Jay and Iman, Ronald L},
	journal={Los Alamos Sci. Lab. Tech. Rep. LA-7677-MS},
	volume={1},
	pages={14},
	year={1979}
}

@inbook{conover1999practical,
	title={Practical nonparametric statistics},
	author={Conover, William Jay},
	year={1999},
	publisher={Wiley},
	chapter={5.3}
}

@techreport{arthur2006k,
	title={k-means++: The advantages of careful seeding},
	author={Arthur, David and Vassilvitskii, Sergei},
	year={2006},
	institution={Stanford}
}

@article{lin1965computer,
	title={Computer solutions of the traveling salesman problem},
	author={Lin, Shen},
	journal={Bell System Technical Journal},
	volume={44},
	number={10},
	pages={2245--2269},
	year={1965},
	publisher={Wiley Online Library}
}

@article{lin1973effective,
	title={An effective heuristic algorithm for the traveling-salesman problem},
	author={Lin, Shen and Kernighan, Brian W},
	journal={Operations research},
	volume={21},
	number={2},
	pages={498--516},
	year={1973},
	publisher={Informs}
}

@inproceedings{papadimitriou1976some,
	title={Some complexity results for the traveling salesman problem},
	author={Papadimitriou, Christos H and Steiglitz, Kenneth},
	booktitle={Proceedings of the eighth annual ACM symposium on theory of computing},
	pages={1--9},
	year={1976}
}

@article{rego2011traveling,
	title={Traveling salesman problem heuristics: Leading methods, implementations and latest advances},
	author={Rego, C{\'e}sar and Gamboa, Dorabela and Glover, Fred and Osterman, Colin},
	journal={European Journal of Operational Research},
	volume={211},
	number={3},
	pages={427--441},
	year={2011},
	publisher={Elsevier}
}

@techreport{robinson1949hamiltonian,
	title={On the Hamiltonian game (a traveling salesman problem)},
	author={Robinson, Julia},
	year={1949},
	institution={Rand project air force arlington va}
}

@article{reinelt1991tsplib,
	title={TSPLIB‚ÄîA traveling salesman problem library},
	author={Reinelt, Gerhard},
	journal={ORSA journal on computing},
	volume={3},
	number={4},
	pages={376--384},
	year={1991},
	publisher={INFORMS}
}

@article{burkard1997qaplib,
	title={QAPLIB--a quadratic assignment problem library},
	author={Burkard, Rainer E and Karisch, Stefan E and Rendl, Franz},
	journal={Journal of Global optimization},
	volume={10},
	pages={391--403},
	year={1997},
	publisher={Springer}
}

@article{psaraftis1995dynamic,
	title={Dynamic vehicle routing: Status and prospects},
	author={Psaraftis, Harilaos N},
	journal={Annals of operations research},
	volume={61},
	number={1},
	pages={143--164},
	year={1995},
	publisher={Springer}
}

@article{feurer2019hyperparameter,
	title={Hyperparameter optimization},
	author={Feurer, Matthias and Hutter, Frank},
	journal={Automated machine learning: Methods, systems, challenges},
	pages={3--33},
	year={2019},
	publisher={Springer International Publishing}
}

@article{jamisola2009using,
	title={Using Metaheuristic Computations to Find the Minimum-Norm-Residual Solution to Lrnear Systerns of Equations},
	author={Jamisola Jr, Rodrigo S and Dadiost, Elmer P and Ang Jr, Marcelo H},
	journal={Philippine Computing Journal},
	volume={4},
	number={2},
	pages={1--9},
	year={2009}
}

@article{sorensen2013metaheuristics,
	title={Metaheuristics},
	author={S{\"o}rensen, Kenneth and Glover, Fred},
	journal={Encyclopedia of operations research and management science},
	volume={62},
	pages={960--970},
	year={2013},
	publisher={Springer New York}
}

@inproceedings{huang2001dynamic,
	title={Dynamic traveling salesman problem based on evolutionary computation},
	author={Huang, Zhang-Can and Hu, Xiao-Lin and Chen, Si-Duo},
	booktitle={Proceedings of the 2001 Congress on Evolutionary Computation (IEEE Cat. No. 01TH8546)},
	volume={2},
	pages={1283--1288},
	year={2001},
	organization={IEEE}
}

@inproceedings{eyckelhof2002ant,
	title={Ant systems for a dynamic TSP: Ants caught in a traffic jam},
	author={Eyckelhof, Casper Joost and Snoek, Marko},
	booktitle={Ant Algorithms: Third International Workshop, ANTS 2002 Brussels, Belgium, September 12--14, 2002 Proceedings},
	pages={88--99},
	year={2002},
	organization={Springer}
}

@article{croes1958method,
	title={A method for solving traveling-salesman problems},
	author={Croes, Georges A},
	journal={Operations research},
	volume={6},
	number={6},
	pages={791--812},
	year={1958},
	publisher={INFORMS}
}

@article{psaraftis1988dynamic,
	title={Dynamic vehicle routing problems},
	author={Psaraftis, Harilaos N},
	journal={Vehicle routing: Methods and studies},
	volume={16},
	pages={223--248},
	year={1988},
	publisher={North Holland, Amsterdam, The Netherlands}
}

@incollection{eshelman1991chc,
	title={The CHC adaptive search algorithm: How to have safe search when engaging in nontraditional genetic recombination},
	author={Eshelman, Larry J},
	booktitle={Foundations of genetic algorithms},
	volume={1},
	pages={265--283},
	year={1991},
	publisher={Elsevier}
}

@article{eiben1999parameter,
	title={Parameter control in evolutionary algorithms},
	author={Eiben, {\'A}goston E and Hinterding, Robert and Michalewicz, Zbigniew},
	journal={IEEE Transactions on evolutionary computation},
	volume={3},
	number={2},
	pages={124--141},
	year={1999},
	publisher={IEEE}
}

@inproceedings{hao2006adaptive,
	title={An adaptive parameter control strategy for ACO},
	author={Hao, Zhi-Feng and Cai, Rui-Chu and Huang, Han},
	booktitle={2006 International Conference on Machine Learning and Cybernetics},
	pages={203--206},
	year={2006},
	organization={IEEE}
}

@inproceedings{randall2004near,
	title={Near parameter free ant colony optimisation},
	author={Randall, Marcus},
	booktitle={Ant Colony Optimization and Swarm Intelligence: 4th International Workshop, ANTS 2004, Brussels, Belgium, September 5-8, 2004. Proceedings 4},
	pages={374--381},
	year={2004},
	organization={Springer}
}

@book{birattari2009tuning,
	title={Tuning Metaheuristics: A Machine Learning Perspective},
	author={Birattari, Mauro and Kacprzyk, Janusz},
	volume={197},
	year={2009},
	publisher={Springer}
}

@article{maron1993hoeffding,
	title={Hoeffding races: Accelerating model selection search for classification and function approximation},
	author={Maron, Oded and Moore, Andrew},
	journal={Advances in neural information processing systems},
	volume={6},
	year={1993}
}

@inproceedings{gaertner2005optimal,
	title={On Optimal Parameters for Ant Colony Optimization Algorithms.},
	author={Gaertner, Dorian and Clark, Keith L},
	booktitle={IC-AI},
	pages={83--89},
	year={2005},
	organization={Citeseer}
}

@article{lawler1985traveling,
	title={The traveling salesman problem: a guided tour of combinatorial optimization},
	author={Lawler, Eugene L},
	journal={Wiley-Interscience Series in Discrete Mathematics},
	year={1985}
}

@article{schrijver2005history,
	title={On the history of combinatorial optimization (till 1960)},
	author={Schrijver, Alexander},
	journal={Handbooks in operations research and management science},
	volume={12},
	pages={1--68},
	year={2005},
	publisher={Elsevier}
}

@article{punnen2007traveling,
	title={The traveling salesman problem: Applications, formulations and variations},
	author={Punnen, Abraham P},
	journal={The traveling salesman problem and its variations},
	pages={1--28},
	year={2007},
	publisher={Springer}
}

@article{johnson2007experimental,
	title={Experimental analysis of heuristics for the ATSP},
	author={Johnson, David S and Gutin, Gregory and McGeoch, Lyle A and Yeo, Anders and Zhang, Weixiong and Zverovitch, Alexei},
	journal={The traveling salesman problem and its variations},
	pages={445--487},
	year={2007},
	publisher={Springer}
}

@article{blum2003metaheuristics,
	title={Metaheuristics in combinatorial optimization: Overview and conceptual comparison},
	author={Blum, Christian and Roli, Andrea},
	journal={ACM computing surveys (CSUR)},
	volume={35},
	number={3},
	pages={268--308},
	year={2003},
	publisher={Acm New York, NY, USA}
}

@book{talbi2009metaheuristics,
	title={Metaheuristics: from design to implementation},
	author={Talbi, El-Ghazali},
	year={2009},
	publisher={John Wiley \& Sons}
}

@inproceedings{kennedy1995particle,
	title={Particle swarm optimization},
	author={Kennedy, James and Eberhart, Russell},
	booktitle={Proceedings of ICNN'95-international conference on neural networks},
	volume={4},
	pages={1942--1948},
	year={1995},
	organization={IEEE}
}

@article{goss1989self,
	title={Self-organized shortcuts in the Argentine ant},
	author={Goss, Simon and Aron, Serge and Deneubourg, Jean-Louis and Pasteels, Jacques Marie},
	journal={Naturwissenschaften},
	volume={76},
	number={12},
	pages={579--581},
	year={1989},
	publisher={Springer-Verlag Berlin/Heidelberg}
}

@article{yeh2009two,
	title={A two-stage discrete particle swarm optimization for the problem of multiple multi-level redundancy allocation in series systems},
	author={Yeh, Wei-Chang},
	journal={Expert Systems with Applications},
	volume={36},
	number={5},
	pages={9192--9200},
	year={2009},
	publisher={Elsevier}
}

@article{yeh2012simplified,
	title={Simplified swarm optimization in disassembly sequencing problems with learning effects},
	author={Yeh, Wei-Chang},
	journal={Computers \& Operations Research},
	volume={39},
	number={9},
	pages={2168--2177},
	year={2012},
	publisher={Elsevier}
}

@article{brochu2010tutorial,
	title={A tutorial on Bayesian optimization of expensive cost functions, with application to active user modeling and hierarchical reinforcement learning},
	author={Brochu, Eric and Cora, Vlad M and De Freitas, Nando},
	journal={arXiv preprint arXiv:1012.2599},
	year={2010}
}

@article{bergstra2012random,
	title={Random search for hyper-parameter optimization.},
	author={Bergstra, James and Bengio, Yoshua},
	journal={Journal of machine learning research},
	volume={13},
	number={2},
	year={2012}
}

@article{snoek2012practical,
	title={Practical bayesian optimization of machine learning algorithms},
	author={Snoek, Jasper and Larochelle, Hugo and Adams, Ryan P},
	journal={Advances in neural information processing systems},
	volume={25},
	year={2012}
}

@article{kushner1964new,
	title={A new method of locating the maximum point of an arbitrary multipeak curve in the presence of noise},
	author={Kushner, Harold J},
	year={1964}
}

@article{jones1998efficient,
	title={Efficient global optimization of expensive black-box functions},
	author={Jones, Donald R and Schonlau, Matthias and Welch, William J},
	journal={Journal of Global optimization},
	volume={13},
	number={4},
	pages={455},
	year={1998},
	publisher={Springer}
}

@book{stein1999interpolation,
	title={Interpolation of spatial data: some theory for kriging},
	author={Stein, Michael L},
	year={1999},
	publisher={Springer Science \& Business Media}
}

@article{cutler2012random,
	title={Random forests},
	author={Cutler, Adele and Cutler, D Richard and Stevens, John R},
	journal={Ensemble machine learning: Methods and applications},
	pages={157--175},
	year={2012},
	publisher={Springer}
}

@inproceedings{mohan2011web,
	title={Web-search ranking with initialized gradient boosted regression trees},
	author={Mohan, Ananth and Chen, Zheng and Weinberger, Kilian},
	booktitle={Proceedings of the learning to rank challenge},
	pages={77--89},
	year={2011},
	organization={PMLR}
}

@article{deng2021ensemble,
	title={Ensemble learning for the early prediction of neonatal jaundice with genetic features},
	author={Deng, Haowen and Zhou, Youyou and Wang, Lin and Zhang, Cheng},
	journal={BMC medical informatics and decision making},
	volume={21},
	pages={1--11},
	year={2021},
	publisher={Springer}
}

@article{breiman1996bagging,
	title={Bagging predictors},
	author={Breiman, Leo},
	journal={Machine learning},
	volume={24},
	pages={123--140},
	year={1996},
	publisher={Springer}
}

@article{ho2002data,
	title={A data complexity analysis of comparative advantages of decision forest constructors},
	author={Ho, Tin Kam},
	journal={Pattern Analysis \& Applications},
	volume={5},
	pages={102--112},
	year={2002},
	publisher={Springer}
}

@book{hastie2009elements,
	title={The elements of statistical learning: data mining, inference, and prediction},
	author={Hastie, Trevor and Tibshirani, Robert and Friedman, Jerome H and Friedman, Jerome H},
	volume={2},
	year={2009},
	publisher={Springer}
}

@Comment{jabref-meta: databaseType:biblatex;}
